@inproceedings{DH_Today,
	author = {WELGER-BARBOZA, Corinne},
	booktitle = {Read/Write Book 2 : Une introduction aux humanit{\'e}s num{\'e}riques},
	title = {Les \textit{digital humanities} aujourd'hui : centres, r{\'e}seaux, pratiques et enjeux},
	publisher = {OpenEdition Press},
	year = {2012},
	address = {Marseille},
	url = {http://books.openedition.org/oep/244},
	uldate = {2020-07-23},
	isbn = {9782821813250},
	doi = {https://doi.org/10.4000/books.oep.244},
	keywords = {HN}
	}

@article{Art_Agency,
	author = {COQUET, Mich{\`e}le},
	journal = {L'Homme},
	title = {Alfred Gell, Art and Agency. An Anthropological Theory},
	volume = {157},
	pages = {261--263},
	url = {http://journals.openedition.org/lhomme/5658},
	urldate = {2020-06-20},
	year = {2007},
	issn = {1953-8103},
	copyright = {© École des hautes études en sciences sociales},
	keywords = {dévotion, anthropologie, MA}
	}

@misc{Term_extraction_GROBID,
	author = {LOPEZ, Patrice and ROMARY, Laurent},
	title = {Automatic Key Term Extraction from Scientific Articles in GROBID},
	address = {Uppsala, Sweden},
	year = {2010},
	url = {https://hal.inria.fr/inria-00493437/document/},
	urldate = {2020-06-22},
	organization = {SemEval 2010 Workshop},
	eprint = {inria00493437},
	keywords= {technologies, ML}
	}

@article{exploitation_corpus_anc_fr,
	author = {GUILLOT, C{\'e}line and HEIDEN, Serge and LAVRENTIEV, Alexei and MARCHELLO-NIZIA, Christiane},
	journal = {Corpus},
	title = {Constitution et exploitation des corpus d'ancien et de moyen fran{\c c}ais},
	year = {2009},
	url = {http://journals.openedition.org/corpus/1495},
	urldate = {2020-04-14},
	issn = {1765-3126},
	copyright = {© Tous droits réservés},
	volume = {7},
	keywords = {HN, XML, TAL}
	}

@phdthesis{Deep_Neural_Networks,
	author = {BLUCHE, Th{\'e}odore},
	school = {Universit{\'e} Paris Sud - Paris XI},
	title = {Deep Neural Networks for Large Vocabulary Handwritten Text Recognition},
	url = {https://tel.archives-ouvertes.fr/tel-01249405},
	urldate = {2020-07-11},
	year = {2015},
	abstract = {La transcription automatique du texte dans les documents manuscrits a de nombreuses applications, allant du traitement automatique des documents à leur indexation ou leur compréhension. L'une des approches les plus populaires de nos jours consiste à parcourir l'image d'une ligne de texte avec une fenêtre glissante, de laquelle un certain nombre de caractéristiques sont extraites, et modélisées par des Modèles de Markov Cachés (MMC). Quand ils sont associés à des réseaux de neurones, comme des Perceptrons Multi-Couches (PMC) ou Réseaux de Neurones Récurrents de type Longue Mémoire à Court Terme (RNR-LMCT), et à un modèle de langue, ces modèles produisent de bonnes transcriptions. D'autre part, dans de nombreuses applications d'apprentissage automatique, telles que la reconnaissance de la parole ou d'images, des réseaux de neurones profonds, comportant plusieurs couches cachées, ont récemment permis une réduction significative des taux d'erreur.Dans cette thèse, nous menons une étude poussée de différents aspects de modèles optiques basés sur des réseaux de neurones profonds dans le cadre de systèmes hybrides réseaux de neurones / MMC, dans le but de mieux comprendre et évaluer leur importance relative. Dans un premier temps, nous montrons que des réseaux de neurones profonds apportent des améliorations cohérentes et significatives par rapport à des réseaux ne comportant qu'une ou deux couches cachées, et ce quel que soit le type de réseau étudié, PMC ou RNR, et d'entrée du réseau, caractéristiques ou pixels. Nous montrons également que les réseaux de neurones utilisant les pixels directement ont des performances comparables à ceux utilisant des caractéristiques de plus haut niveau, et que la profondeur des réseaux est un élément important de la réduction de l'écart de performance entre ces deux types d'entrées, confirmant la théorie selon laquelle les réseaux profonds calculent des représentations pertinantes, de complexités croissantes, de leurs entrées, en apprenant les caractéristiques de façon automatique. Malgré la domination flagrante des RNR-LMCT dans les publications récentes en reconnaissance d'écriture manuscrite, nous montrons que des PMCs profonds atteignent des performances comparables. De plus, nous avons évalué plusieurs critères d'entrainement des réseaux. Avec un entrainement discriminant de séquences, nous reportons, pour des systèmes PMC/MMC, des améliorations comparables à celles observées en reconnaissance de la parole. Nous montrons également que la méthode de Classification Temporelle Connexionniste est particulièrement adaptée aux RNRs. Enfin, la technique du dropout a récemment été appliquée aux RNR. Nous avons testé son effet à différentes positions relatives aux connexions récurrentes des RNRs, et nous montrons l'importance du choix de ces positions.Nous avons mené nos expériences sur trois bases de données publiques, qui représentent deux langues (l'anglais et le français), et deux époques, en utilisant plusieurs types d'entrées pour les réseaux de neurones : des caractéristiques prédéfinies, et les simples valeurs de pixels. Nous avons validé notre approche en participant à la compétition HTRtS en 2014, où nous avons obtenu la deuxième place. Les résultats des systèmes présentés dans cette thèse, avec les deux types de réseaux de neurones et d'entrées, sont comparables à l'état de l'art sur les bases Rimes et IAM, et leur combinaison dépasse les meilleurs résultats publiés sur les trois bases considérées.},
	keywords = {technologies, HTR, ML}
	}

@proceedings{deep_learning_segmentation,
	author = {ARES OLIVEIRAY, Sofia and SEGUIN, Benoit and KAPLAN, Frederic},
	title = {dhSegment: A generic deep-learning approach for document segmentation},
	year = {2019},
	abstract = {In recent years there have been multiple successful attempts tackling document processing problems separately by designing task specific hand-tuned strategies. We argue that the diversity of historical document processing tasks prohibits to solve them one at a time and shows a need for designing generic approaches in order to handle the variability of historical series. In this paper, we address multiple tasks simultaneously such as page extraction, baseline extraction, layout analysis or multiple typologies of illustrations and photograph extraction. We propose an open-source implementation of a CNN-based pixel-wise predictor coupled with task dependent post-processing blocks. We show that a single CNN-architecture can be used across tasks with competitive results. Moreover most of the task-specific post-precessing steps can be decomposed in a small number of simple and standard reusable operations, adding to the flexibility of our approach.},
	pdf = {https://arxiv.org/pdf/1804.10371.pdf},
	doi = {	10.1109/ICFHR-2018.2018.00011},
	keywords = {technologies, ML}
	}

@inproceedings{Faire_HN,
	author = {BERRA, Aur{\'e}lien},
	booktitle = {Read/Write Book 2 : Une introduction aux humanit{\'e}s num{\'e}riques},
	pages = {25--43},
	title = {Faire des humanit{\'e}s num{\'e}riques},
	year = {2012},
	address = {Marseille},
	publisher = {OpenEdition Press},
	url = {http://books.openedition.org/oep/238},
	urldate = {2020-08-02},
	publisher = {OpenEdition Press},
	isbn = {9782821813250},
	doi = {https://doi.org/10.4000/books.oep.238},
	keywords = {HN}
	}

@article{GROBID_Publi_Sc,
	author = {ROMARY, Laurent and LOPEZ, Patrice},
	journal = {ERCIM News},
	title = {GROBID - Information Extraction from Scientific Publications.},
	url = {https://hal.inria.fr/hal-01673305},
	urldate = {2020-06-23},
	pdf = {https://hal.inria.fr/hal-01673305/document},
	year = {2020},
	abstract = {Scientific papers potentially offer a wealth of information that allows one to put the corresponding work in context and offer a wide range of services to researchers. GROBID is a high performing software environment to extract such information as metadata, bibliographic references or entities in scientific texts. Most modern digital library techniques rely on the availability of high quality textual documents. In practice, however, the majority of full text collections are in raw PDF or in incomplete and inconsistent semi-structured XML. To address this fundamental issue, the development of the Java library GROBID started in 2008 [1]. The tool exploits “Conditional Random Fields” (CRF), a machine-learning technique for extracting and restructuring content automatically from raw and heterogeneous sources into uniform standard TEI (Text Encoding Initiative) documents.},
	volume = {100},
	keywords = {technologies, ML}
	}

@inproceedings{segmentation_HTR,
	author = {GATOS, B. and STAMATOPOULOS, N. and  LOULOUDIS, G.},
	booktitle = {10th International Conference on Document Analysis and Recognition},
	title = {Handwriting Segmentation Contest},
	publisher = {IEEE},
	url = {https://www.academia.edu/38791632/ICDAR_2009_Handwriting_Segmentation_Contest},
	urldate = {2020-07-08},
	abstract = {The Handwriting Segmentation Contest was
organized in the context of ICDAR2009 conference in
order to record recent advances in off-line
handwriting segmentation. This paper describes the
contest details including the dataset, the ground truth
and the evaluation criteria and presents the results of
the 12 participating methods. The contest includes
handwritten document images produced by many
writers in several languages (English, French,
German and Greek). These images are manually
annotated in order to produce the ground truth which
corresponds to the correct text line and word
segmentation result. For the evaluation, a well
established approach is used based on counting the
number of matches between the entities detected by
the segmentation algorithm and the entities in the
ground truth.},
	year = {2009},
	pages = {1393--1397},
	doi = {10.1109/ICDAR.2009.245},
	isbn = {978-1-4244-4500-4},
	issn = {2379-2140},
	keywords = {technologies, HTR}
	}

@book{Heritage_DH,
	author = {SAOU-DUFRENE, Bernadette},
	publisher = {LIT Verlag M{\"u}nster},
	title = {Heritage and Digital Humanities: How Should Training Practices Evolve ?},
	year = {2014},
	isbn = {9783643904874},
	keywords = {HN}
	}

@book{recherche_HN,
	author = {DACOS, Marin and MOUNIER, Pierre},
	publisher = {OpenEdition},
	copyright = {Texte placé sous licence Creative Commons},
	title = {Humanit{\'e}s num{\'e}riques {\'E}tat des lieux et positionnement de la recherche fran{\c c}aise dans le contexte international},
	isbn = {9782354761097},
	pdf = {https://hal.archives-ouvertes.fr/hal-01228945/document},
	year = {2014},
	address = {Paris},
	abstract = {Si, voici quelques années, il pouvait paraître étrange d'associer le numérique aux humanités, le monde scientifique voit aujourd'hui collaborer informaticiens et sociologues, ingénieurs et spécialistes de littérature. Ces alliances inédites renouvellent profondément les formes, les rythmes et la circulation des sciences humaines. Comprendre une révolution scientifique Faire le point sur cette mutation en cours, mesurer la part que peut y prendre la recherche française : tel est le double enjeu de l'étude sur les Humanités numériques aujourd'hui publiée par l'Institut français. Réalisée par Marin Dacos et Pierre Mounier, animateurs du Centre pour l'édition électronique ouverte (acteur majeur en France dans ce domaine à travers le portail Open Edition, palette d'instruments bien connue des chercheurs), Humanités numériques – État des lieux et positionnement de la recherche française dans le contexte international trace les contours d'un champ en pleine expansion. Qu'il s'agisse de publier en ligne de vastes fonds d'archives, d'analyser en direct l'impact des réseaux sociaux sur les mobilisations militantes ou de mettre au travail une communauté d'internautes sur des pans entiers du patrimoine culturel, le tournant numérique concerne aujourd'hui tous les secteurs de la recherche sur la société, les œuvres et la culture : l'étude ici publiée éclaire de manière précise et accessible cette transformation globale.},
	type = {Rapport de recherche},
	keywords = {HN}	
	}

@misc{iso_schematron,
	author = {ISO and IEC},
	title = {Information technology --- Document Schema Definition Languages (DSDL) --- Part 3: Rule-based validation --- Schematron},
	copyright = {© ISO/IEC 2016 – All rights reserved},
	url = {https://standards.iso.org/ittf/PubliclyAvailableStandards/c055982_ISO_IEC_19757-3_2016.zip},
	urldate = {2020-05-17},
	year = {2016},
	keywords = {technologies, schematron}
	}

@unpublished{initiation_man_lit,
	author = {LEBIGUE, Jean-Baptiste},
	title = {Initiation aux manuscrits liturgiques},
	type = {{\'E}cole th{\'e}matique},
	address = {Ateliers du Cycle th{\'e}matique de l'IRHT de l'ann{\'e}e 2003-2004, dirig{\'e} par Oliver Legendre et Jean-Baptiste Lebigue (cf. http://aedilis.irht.cnrs.fr/liturgie/) consacr{\'e} aux manuscrits liturgiques},
	pages = {259},
    year = {2007},
    pdf = {https://cel.archives-ouvertes.fr/cel-00194063/file/manuscrits-liturgiques.pdf},
    url = {https://cel.archives-ouvertes.fr/cel-00194063},
	urldate = {2020-01-27},
	issn = {2493-4399},
	keywords = {MA, codico, liturgie}
	}

@book{livre_medie,
	author = {ORNATO, Ezio and alii},
	publisher = {Viella},
	address = {Rome},
	title = {La face cach{\'e}e du livre m{\'e}di{\'e}val, L'histoire du livre vue par Ezio Ornato, ses amis et ses coll{\`e}gues},
	year = {1997},
	keywords = {MA, codico}
	}

@article{V_L,
	author = {PORCHER, Jean},
	journal = {Scriptorium},
	number = {1},
	pages = {170--172},
	title = {Le chanoine Victor Leroquais (1875-1946)},
	volume = {1},
	url = {https://www.persee.fr/doc/scrip_0036-9772_1946_num_1_1_2063},
	urldate = {2020-06-15},
	year = {1946},
	issn = {0036-9772},
	keywords = {MA, livres_heures}
	}

@manual{Grobid_catalogues,
	author = {GABAY, Simon and KHEMAKHEM, Mohamed and ROMARY, Laurent},
	title = {Les catalogues et GROBID. Doctorat. Du catalogue aux humanit{\'e}s num{\'e}riques : quelles m{\'e}thodes pour quels r{\'e}sultats ?},
	year = {2018},
	url = {https://hal.archives-ouvertes.fr/cel-01951107},
	urldate = {2020-06-19},
	copyright = {Distributed under a Creative Commons Attribution| 4.0 International License},
	keywords = {technologies, ML}
	}

@online{classification_ecriture_gothique,
	author = {STUTZMANN, Dominique},
	title = {Les {\'e}critures gothiques livresques : classification de Lieftinck-Gumbert-Derolez },
	url = {https://oriflamms.hypotheses.org/quest-ce-que-la-paleographie/les-ecritures-gothiques-livresques-classification-de-lieftinck-gumbert-derolez},
	urldate = {2020-02-29},
	language = {fr},
	keywords = {MA, paleo}
	}

@unpublished{Heures_Vierge,
	author = {CAVET, Laurent},
	title = {Les Heures de la Vierge : identification liturgique et origine du manuscrit},
	journal = {Les carnets de l'IRHT},
	year = {2015},
	url = {https://irht.hypotheses.org/643},
	urldate = {2020-04-26},
	issn = {2493-4399},
	keywords = {MA, liturgie, livres_heures, dévotion}
	}

@unpublished{Discipline_HN,
	author = {DUMOUCHEL, Suzanne},
	title = {Les Humanit{\'e}s Num{\'e}riques: une nouvelle discipline universitaire?},
	year = {2020},
	url = {https://dhiha.hypotheses.org/1539},
	urldate = {2020-04-23},
	journal = {Digital Humanities à l'Institut historique allemand},
	issn = {2262-581X},
	keywords = {HN}
	}

@book{Leroquais_notices,
	author = {LEROQUAIS, Victor},
	keywords = {livres d'heures, biblioth{\`e}que nationale de France, notices, manuscrits},
	title = {Les livres d'heures manuscrits de la Biblioth{\`e}que nationale.},
	volumes = {3},
	year = {1927},
	address = {Paris},
	keywords = {MA, livres_heures, codico}
	}

@unpublished{usages_lit,
	author = {LEBIGUE, Jean-Baptiste},
	title = {Les usages liturgiques},
	journal = {Les carnets de l'IRHT},
	year = {2016},
	url = {https://irht.hypotheses.org/2484},
	urldate = {2020-03-30},
	issn = {2493-4399},
	keywords = {MA, liturgie, dévotion}
	}
	
@unpublished{preseance_offices,
	author = {LEBIGUE, Jean-Baptiste},
	title = {Les règles de préséances entre les offices},
	journal = {Les carnets de l'IRHT},
	year = {2017},
	url = {https://irht.hypotheses.org/2473},
	urldate = {2020-03-30},
	issn = {2493-4399},
	keywords = {MA, liturgie, dévotion}
	}

@manual{Initiation_man_medie,
	author = {LEGENDRE, Olivier and SAUTEL, Jacques-Hubert and HEID, Caroline and BOURLET, Caroline and FLAMAND, Jean-Marie},
	Title = {Livret du stage d'initiation au manuscrit m{\'e}di{\'e}val (domaine latin et roman)},
	url = {https://cel.archives-ouvertes.fr/cel-00139917v4},
	urldate = {2020-04-23},
	abstract = {Cette brochure s'adresse aux étudiants, préparant master ou doctorat, qui suivent le « Stage d'initiation au manuscrit médiéval » de l'Institut de Recherche et d'Histoire des Textes, unité propre de recherches du CNRS. Elle a pour objet de leur fournir les éléments essentiels à l'étude du manuscrit, selon des méthodes élaborées au fil du temps par les équipes spécialisées de l'IRHT. Les enseignements donnés au cours du stage sont conçus comme un complément aux disciplines dispensées dans le cadre universitaire. Les membres du laboratoire présentent, à l'aide de la documentation rassemblée à l'IRHT, leur discipline, et montrent en quoi elle concourt à une connaissance plus approfondie du manuscrit, en tant qu'objet archéologique et support textuel. Conçu pour accompagner l'étudiant pendant la durée de son stage à l'Institut de Recherche et d'Histoire des Textes, ce livret d'initiation rassemble, en première partie, les éléments nécessaires à la rédaction d'une notice, le vocabulaire spécialisé propre aux différentes approches de la codicologie (description du codex, analyse de la décoration, de la reliure etc.), puis en seconde partie, des éléments de bibliographie. Quelques exemples de notices viennent, en troisième partie, illustrer les notions précédemment exposées.},
	year = {2006},
	keywords = {MA, codico}
	}

@article{map_man_migration,
	author = {BURROWS, Toby and HYV{\"O}NEN, Eero and RANSOM, Lynn and WIJSMAN, Hanno},
	title = {MANUSCRIPT STUDIES A Journal of the Schoenberg Institute for Manuscript Studies},
	journal = {Manuscript Studies},
	volume = {3},
	copyright = {This paper is posted at ScholarlyCommons.}, 
	url = {https://repository.upenn.edu/mss_sims/vol3/iss1/13},
	urldate = {2020-05-06},
	year = {2019},
	issn = {2381-5329},
	abstract = {Mapping Manuscript Migrations is a new two-year project funded by the Trans-Atlantic Platform in the fourth round of its Digging into Data Challenge. The project is a collaboration between four international partners: the University of Oxford, the University of Pennsylvania, the Institut de recherche et d’histoire des textes (IRHT) in Paris, and Aalto University in Helsinki. The project aims to combine data from various different sources to enable the large-scale analysis of the history and provenance of medieval and Renaissance manuscripts.},
	keywords = {MA, codico, manuscript studies, provenance, linked open data, data analysis, databases}
	}

@techreport{Mission_IA_et_Culture,
	author = {BENSAMOUN, Alexandra and FARCHY, Jo{\"e}lle},
	institution = {Conseil supérieur de la propriété littéraire et artistique (CSPLA)},
	title = {MISSION INTELLIGENCE ARTIFICIELLE ET CULTURE, Rapport final},
	year = {2020},
	pdf = {https://www.enssib.fr/bibliotheque-numerique/documents/69406-mission-intelligence-artificielle-et-culture-rapport-final.pdf},
	copyright  = {Licence Creative Commons},
	keywords = {technologies, IA}
	}

@article{OCR_normalisation_codage,
	author = {ANDR{\'E}, Jacques},
	journal = {Document num{\'e}rique},
	pages = {127--142},
	title = {Num{\'e}risation et codage des caract{\`e}res des livres anciens},
	volume = {7},
	number = {3},
	year = {2003},
	issn = {1279-5127},
	doi = {10.3166/dn.7.3-4.127-142},
	copyright = {© Lavoisier. Tous droits réservés pour tous pays.},
	url={https://www.cairn.info/revue-document-numerique-2003-3-page-127.htm},
	urldate = {2020-03-16},
	keywords = {technologies, OCR}
	}

@inbook{transcription_allographetique,
	author = {STUTZMANN, Dominique},
	booktitle = {Kodikologie und Paläographie im digitalen Zeitalter 2 = Codicology and Palaeography in the Digital Age 2},
	pages = {247--277},
	abstract = {Les initiatives TEI (Text Encoding Initiative) et MUFI (Medieval Unicode Font Initiative) multiplient les potentialités des transcriptions et invitent à interroger le processus même d'une opération pourtant commune dans les études médiévales. Transcrire, c'est décrire un texte et sa mise en forme graphique. Cela ouvre des voies aux études paléographiques, notamment par la description des diverses variantes morphologiques des lettres ou abréviations. Des recherches entreprises sur la production écrite de l'abbaye cistercienne de Fontenay démontrent le potentiel considérable des transcriptions dites " allographétiques " et des statistiques descriptives pour comprendre les évolutions de l'écriture médiévale. La fragmentation du paysage actuel de la recherche amène pourtant à souhaiter une harmonisation des pratiques, tant pour décrire les phénomènes paléographiques que pour structurer les données et formuler des ontologies.},
	title = {Pal{\'e}ographie statistique pour d{\'e}crire, identifier, dater... Normaliser pour coop{\'e}rer et aller plus loin ?},
	year = {2011},
	url={https://halshs.archives-ouvertes.fr/halshs-00596970},
	urldate = {2020-01-26},
	publisher={Schriften des Instituts für Dokumentologie und Editorik},
	keywords = {MA, codico, paleo, XML, TEI}
	}

@book{Piety_in_Pieces,
	author = {RUDY, Kathryn M.},
	publisher = {Lightning Source for Open Book Publishers},
	title = {Piety in Pieces, How Medieval Readers Customized their Manuscripts},
	year = {2016},
	address = {Cambridge},
	keywords = {MA, dévotion}
	}

@misc{Postprocessing,
	author = {BRUHA, Ivan and FAMILI,  A. Fazel},
	title = {Postprocessing in Machine Learning and Data Mining},
	year = {2000},
	publisher = {Association for Computing Machinery},
    address = {New York},
    volume = {2},
    number = {2},
    issn = {1931-0145},
	url = {https://dl.acm.org/doi/abs/10.1145/380995.381059},
	doi = {10.1145/380995.381059},
    journal = {SIGKDD Explor. Newsl.},
    month = dec,
    pages = {110–114},
    numpages = {5},
	urldate = {2020-08-05},
	keywords = {technologies, ML}
	}

@inbook{Histoire_HN,
	author = {SINATRA, Micha{\"e}l E. and VITALI-ROSATI, Marcello},
	chapter = {3. Histoire des humanit{\'e}s num{\'e}riques},
	publisher = {Presses de l'Universit{\'e} de Montr{\'e}al},
	address = {Montr{\'e}al},
	booktitle = {Pratiques de l'{\'e}dition num{\'e}rique},
	pages = {49--60},
	url = {http://books.openedition.org/pum/317},
	urldate = {2020-07-26},
	isbn = {9782821850729},
	doi = {https://doi.org/10.4000/books.pum.317},
	year = {2014},
	keywords = {HN}
	}

@article{analyse_calendrier,
	author = {HEIKKILA, Tuomas and ROOS, Teemu},
	journal = {Digital Scholarship in the Humanities},
	number = {4},
	title = {Quantitative methods for the analysis of medieval calendars},
	volume = {33},
	pages = {766--787},
	copyright = {The Author(s) 2018. Published by Oxford University},
	doi = {10.1093/llc/fqy007},
	year = {2018},
	abstract = {The article explores the uses of quantitative approaches used in textual scholarship in studying large amounts of medieval hand-written calendars. Calendars are exceedingly numerous among medieval manuscript sources but have been studied surprisingly little in spite of the insights they offer into the values and ideals of the communities using and updating them. Moreover, the study of a large number of calendars helps shape patterns of cultural contacts, for instance. The constant copying and modifying of a medieval calendar is analogous to copying of other manuscripts by hand in the Middle Ages. However, the overall pattern of influences was much more complex than in traditional copying, and new quantitative methods are called for. In this article, we propose three different quantitative methods for the analysis of medieval calendars. They provide a scholar with sound hypotheses on the relationships between a large number of calendars, on the broader context of an individual calendar’s contents as well as on the single feasts that can be indicative of the origin of one or several calendars.},
	keywords = {MA, livres_heures, calendriers}
	}

@phdthesis{Reconnaissance_HTR_These,
	author = {MIOULET, Luc},
	school = {Universit{\'e} de Rouen},
	title = {Reconnaissance de l'{\'e}criture manuscrite avec des r{\'e}seaux r{\'e}currents},
	url = {https://hal.archives-ouvertes.fr/tel-01301728},
	urldate = {2020-07-28},
	year = {2015},
	abstract = {La numérisation massive de documents papier a fait apparaître le besoin d’avoir des systèmes de reconnaissance de l’écriture extrêmement performants. La numérisation de ces documents permet d’effectuer des opérations telles que des recherches de mots clefs ou l’extraction d’informations de haut niveau (titre, auteur, adresses, et.). Cependant la reconnaissance de l’écriture et en particulier l’écriture manuscrite ne sont pas encore au niveau de performance de l’homme sur des documents complexes, ce qui restreint ou nuit à certaines applications. Cette thèse CIFRE entre Airbus DS et le LITIS, dans le cadre du projet MAURDOR, a pour but de mettre en avant et d’améliorer les méthodes état de l’art dans le domaine de la reconnaissance de l’écriture manuscrite. Nos travaux comparent différents systèmes permettant d’effectuer la reconnaissance de l’écriture manuscrite. Nous comparons en particulier différentes caractéristiques et différents classifieurs dynamiques : i) Modèles de Markov Cachés (MMC), ii) hybride réseaux de neurones/MMC, iii) hybride réseaux récurrents « Bidirectional Long Short Term Memory - Connectionist Temporal Classification » (BLSTM-CTC)/MMC et iv) hybride Champs Aléatoires Conditionnels (CAC)/MMC. Les comparaisons sont réalisées dans les conditions de la tâche WR2 de la compétition ICDAR 2009, c’est à dire une tâche de reconnaissance de mots isolés avec un dictionnaire de 1600 mots. Nous montrons la supériorité de l’hybride BLSTM-CTC/MMC sur les autres classifieurs dynamiques ainsi que la complémentarité des sorties des BLSTM-CTC utilisant différentes caractéristiques. Notre seconde contribution vise à exploiter ces complémentarités. Nous explorons des stratégies de combinaisons opérant à différents niveaux de la structure des BLSTM-CTC : bas niveau (en entrée), moyen niveau (dans le réseau), haut niveau (en sortie). Nous nous plaçons de nouveau dans les conditions de la tâche WR2 de la compétition ICDAR 2009. De manière générale nos combinaisons améliorent les résultats par rapport aux systèmes individuels, et nous avoisinons les performances du meilleur système de la compétition. Nous avons observé que certaines combinaisons sont adaptées à des systèmes sans lexique tandis que d’autres sont plus appropriées pour des systèmes avec lexique. Notre troisième contribution se situe sur deux applications liées à la reconnaissance de l’écriture. Nous présentons un système de reconnaissance de la langue ainsi qu’un système de détection de mots clefs, à partir de requêtes images et de requêtes de texte. Dans ces deux applications nous présentons une approche originale faisant appel à la reconnaissance de l’écriture. En effet la plupart des systèmes de la littérature extraient des caractéristiques des image pour déterminer une langue ou trouver des images similaires, ce qui n’est pas nécessairement l’approche la plus adaptée au problème à traiter. Nos approches se basent sur une phase de reconnaissance de l’écriture puis une analyse du texte afin de déterminer la langue ou de détecter un mot clef recherché.},
	keywords = {technologies, HTR}
	}

@book{switching_codes,
	author = {BARTSCHERER, Thomas and COOVER, Roderick},
	publisher = {The University of Chicago},
	title = {Switching Codes, thinking through digital technology in the humanities and the arts},
	year = {2011},
	keywords = {HN}
	}

@article{Music_Livre_Heures,
	author = {BAROFFIO, Giacomo},
	journal = {Rivista Italiana di musicologia},
	pages = {19--87},
	title = {Testo e musica nei libri d'ore},
	url = {https://www.academia.edu/39811280/Testo_e_musica_nei_libri_dore},
	urldate = {2020-07-24},
	volume = {XXXIV},
	year = {2011},
	isbn = {9788870966411},
	keywords = {MA, livres_heures, musique}
	}

@book{paleo_gothic,
	author = {DEROLEZ, Albert},
	publisher = {Cambridge University Press},
	title = {The Palaeography of gothic manuscript books, from the Twelfth to the Early Sixteenth Century},
	year = {2003},
	address = {Cambridge},
	keywords = {MA, paleo, codico}
	}

@article{abre_fr_medie,
	author = {MAZZIOTTA, Nicolas},
	journal = {Corpus},
	title = {Traiter les abr{\'e}viations du fran{\c c}ais m{\'e}di{\'e}val. Th{\'e}orie de l'{\'e}criture et pratiques d'encodage},
	volume = {7},
	year = {2009},
	url = {http://journals.openedition.org/corpus/1517},
	urldate = {2020-01-28},
	issn = {1765-3126},
	abstract = {Les abréviations qu’on rencontre dans les textes français médiévaux ont été décrites par les paléographes et les philologues dans la perspective pratique de leur résolution. Elles peuvent par ailleurs être décrites de manière systématique à l’intérieur du système graphique envisagé dans son ensemble. La modélisation qui découle de cette description permet de critiquer les pratiques d’édition traditionnelles et modernes. Il est ainsi possible de sélectionner la solution de transcription la plus appropriée, en combinant et en modifiant légèrement un ensemble de conventions standards formulées par la Text Encoding Initiative (TEI).},
	copyright = {© Tous droits réservés},
	keywords = {technologies, encodage}
	}

@article{Seg_Livres_Heures,
	author = {DAILLE, B{\'e}atrice and HAZEM, Amir and KERMORVANT, Christopher and MAARAND, Martin and BONHOMME, Marie-Laurence and STUTZMANN, Dominique and CURRIE, Jacob and JACQUIN, Christine},
	journal = {TAL},
	number = {3},
	pages = {13--36},
	title = {Transcription automatique et segmentation th{\'e}matique de livres d'heures manuscrits},
	volume = {60},
	year = {2019},
	abstract = {Les livres d’heures sont le plus grand best-seller de tout le Moyen Âge, avec plus de
10 000 témoins conservés. Incontournables pour comprendre l’univers mental médiéval, leurs
textes ont été très peu étudiés. Ils sont très longs et ont une structure complexe correspondant à
l’organisation liturgique médiévale et la prière quotidienne de l’office. Cet article décrit les méthodes
et les traitements automatiques mis en oeuvre sur les livres d’heures : la reconnaissance
de l’écriture manuscrite et la segmentation adaptées à ces manuscrits. L’approche de segmentation
semi-supervisée proposée tire profit de la constitution spécifique du manuscrit pour mieux
retrouver leur structure malgré le bruit engendré par la reconnaissance de l’écriture.},
    pdf = {https://www.atala.org/sites/default/files/TAL-60-3_DailleEtAL_TranscriptionAutomatiqueEtSegmentationThematiqueDeLivresDHeuresManuscrits.pdf},
	keywords = {technologies, HTR, segmentation th{\'e}matique, livres_heures}
	}

@book{Women_Books_Hours,
	author = {SCOTT-STOKES, Charity},
	publisher = {D. S. Brewer, Cambridge},
	title = {Women's Books of Hours in Medieval England},
	issn = {1369–9652},
	isbn = {1 84384 070 7},
	year = {2006},
	address = {Suffolk},
	keywords = {MA, livres_heures}
	}

@online{Automatisation_ML,
    author = {MEIMOUN, Thomas},
	url = {https://www.quantmetry.com/intelligence-artificielle-data-science-automatisation-machine-learning-suffisait/},
	urldate = {2020-07-14},
	keywords = {technologies, ML}
	}

@online{Compagnon_DH,
    author = {SCHREIBMAN, Susan and SIEMENS, Ray and UNSWORTH, John},
    title = {A Companion to Digital Humanities},
    publisher = {Oxford: Blackwell},
	url = {http://www.digitalhumanities.org/companion/},
	urldate = {2020-07-17},
	year = {2004},
	keywords = {HN}
	}

@online{cours_Schematron,
	url = {https://www.irif.fr/~carton/Enseignement/XML/Cours/Schematron/index.html},
	urldate = {2020-07-15},
	keywords = {technologies, schematron}
	}

@online{Intro_schematron,
    author = {ROBERTSSON, Eddie},
    title = {An Introduction to Schematron},
	url = {https://www.xml.com/pub/a/2003/11/12/schematron.html},
	urldate = {2020-06-12},
	year = {2003},
	copyright = {Content licensed from and © 1998 - 2008 O'Reilly Media, Inc.},
	keywords = {technologies, schematron}
	}

@online{Intro_Book_of_H,
    title = {Introduction and Tutorial
    Books of Hours},
	url = {http://manuscripts.org.uk/chd.dk/tutor/index.html},
	author = {DRIGSDAHL, Erik},
	language = {en},
	urldate = {2020-05-14},
	Year = {2005},
	keywords = {MA, livres_heures}
	}

@online{Usages_HVierge,
    title = {Tutorial - Hours of the Virgin
    Hore Beate Marie Virginis - Index to a Selection of Uses},
	url = {http://manuscripts.org.uk/chd.dk/use/index.html},
	author = {DRIGSDAHL, Erik},
	language = {en},
	urldate = {2020-05-14},
	year = {2002},
	keywords = {MA, livres_heures}
	}

@mastersthesis{collection_bases_formats,
    author = {LEBARBEY, Laura},
    title = {Reconstituer et {\'e}tudier une collection ancienne au-del{\`a} de la pluralit{\'e} des bases et des formats},
    school = {{\'E}cole nationale des Chartes},
    year = {2015},
    keywords = {technologies, BD, TEI}
}

@unpublished{TEI_ODD_Camps,
    author = {CAMPS, Jean-Baptiste},
    tite = {Personnaliser la TEI : One Document Does it all},
    year = {2017},
    copyright = {licence Creative Commons},
    url = {https://halshs.archives-ouvertes.fr/cel-01706530},
    urldate = {2020-04-20},
    note = {Lecture},
    type = {Master},
    address = {Paris},
    institution = {{{\'E}cole nationale des chartes}},
    pdf = {https://halshs.archives-ouvertes.fr/cel-01706530/file/06_TEI_ODD_Camps_20170202.pdf},
    keywords = {technologies, ODD, TEI}
}

@online{bd_Heurist,
    title = {HEURIST : UNE BASE DE DONNÉES GÉNÉRIQUE POUR LES SCIENCES HUMAINES ET SOCIALES},
    url = {https://paris-timemachine.huma-num.fr/heurist-une-base-de-donnees-generique-pour-les-sciences-humaines-et-sociales/https://paris-timemachine.huma-num.fr/heurist-une-base-de-donnees-generique-pour-les-sciences-humaines-et-sociales/},
    urldate = {2020-05-10},
    keywords = {technologies, BD, SH}
}

@misc{HORAE_projet,
    author = {AAPG ANR and IRHT and Teklia and LS2N},
    title = {HORAE Heures : Reconnaissance de l’écriture manuscrite, catégorisation automatique, éditions Hours - Recognition, Analysis, Editions},
    year = {2017},
    keywords = {MA, HORAE}
}

@mastersthesis{encoder_auto_catalogue,
    author = {RONDEAU DU NOYER, Lucie},
    title = {Encoder automatiquement des
catalogues en XML-TEI. Principes, {\'e}valuation et application à la Revue des autographes de
la librairie Charavay},
    school = {{\'E}cole nationale des Chartes},
    year = {2019},
    keywords = {technologies, catalogue, GROBID, ML}
}

@book{XML_concentré,
    author = {HAROLD, Elliotte Rusty and MEANS, W. Scott and ENSARGUET, Philippe and al.},
    title = {XML en concentré},
    location= {Paris},
    year = {2005},
    publisher = {O’Reilly},
    keywords = {technologies, XML, XSLT}
}

@online{bd_usages,
    url = {http://www6.sewanee.edu/beyonduse/},
    urldate = {2020-07-20},
    title = {Beyond Use},
    author = {PLUMMER, J. and CLARK, G.},
    keywords = {MA, usages, BD}
}

@inproceedings{Automatic_page_classification_IIIF,
	author = {BOROS, Emanuela and TOUMI, Alexis and ROUCHET, Erwan and ABADIE, Bastien and STUTZMANN, Dominique and KERMORVANT, Christopher},
	booktitle = {2019 International Conference on Document Analysis and Recognition (ICDAR)},
	pages = {756--762},
	title = {Automatic page classification in a large collection of manuscripts based on the International Image Interoperability Framework},
	year = {2019},
	address = {Sydney},
    publisher = {IEEE},
    series = {2019 International Conference on Document Analysis and Recognition (ICDAR)},
	abstract = {In patrimonial institutions such as libraries and archives, the valorization of the vast amount of documents that have been recently digitized is still a challenge. Most of these documents are freely accessible as images but their textual content remains largely unreachable and unknown. Research projects dedicated to specific collection allow creating meta-data or even transcriptions obtained through volunteers or crowdsourcing. But the vast majority of the documents cannot be manually transcribed or indexed: automatic large-scale processes for indexing are needed. The increasing adoption of the International Image Interoperability Framework (IIIF) by the patrimonial institutions is a technological enabler for the development of such services. Images are accessible with a unique protocol across institutions and both images and data can be presented with standard tools. In this paper, we describe an architecture for automatic processing of historical documents owned by different institutions but processed and presented thanks to the IIIF framework. We implemented this architecture and processed a large collection of books of hours with a page classifier trained on an annotated sample. The result is freely distributed and can be viewed with any IIIF compatible viewer.},
	doi = {10.1109/ICDAR.2019.00126},
    url = {https://hal.archives-ouvertes.fr/hal-02426404},
	keywords = {Image classification, Machine learning, Feature extraction, Neural networks, Historical documents, IIIF, technologies}
	}
	
	@inproceedings{annotated_dataset_book_hours,
	author = {BOILLET, Mélodie and BONHOMME, Marie-Laurence and STUTZMANN, Dominique and KERMORVANT, Christopher},
	booktitle = {The 5th International Workshop on Historical Document Imaging and Processing},
	pages = {7--12},
	title = {HORAE: an annotated dataset of books of hours},
	year = {2019},
	address = {Sydney},
    publisher = {ACM Press},
    series = {2019 International Conference on Document Analysis and Recognition (ICDAR)},
	doi = {10.1145/3352631.3352633},
    url = {https://hal.archives-ouvertes.fr/hal-02343254},
	keywords = {Annotation, line and zone detection, HN, book of hours}
	}
	
@phdthesis{deep_convolutional_neural_networks,
  title = {Analyzing and Introducing Structures in Deep Convolutional Neural Networks},
  author = {OYALLON, Edouard},
  url = {https://hal.archives-ouvertes.fr/tel-02353134},
  urldate = {2020-08-20},
  school = {Paris Sciences et Lettres},
  year = {2017},
  abstract = {Cette thèse étudie des propriétés empiriques des réseaux de neurones convolutifs profonds, et en particulier de la transformée en Scattering. En effet, l’analyse théorique de ces derniers est difficile et représente jusqu’à ce jour un défi : les couches successives de neurones ont la capacité de réaliser des opérations complexes, dont la nature est encore inconnue, via des algorithmes d’apprentissages dont les garanties de convergences ne sont pas bien comprises. Pourtant, ces réseaux de neurones sont de formidables outils pour s’attaquer à une grande variété de tâches difficiles telles la classification d’images, ou plus simplement effectuer des prédictions. La transformée de Scattering est un opérateur mathématique, non-linéaire dont les spécifications sont inspirées par les réseaux convolutifs. Dans ce travail, elle est appliquée sur des images naturelles et obtient des résultats compétitifs avec les architectures non-supervisées. En plaçant un réseau de neurones convolutifs supervisés à la suite du Scattering, on obtient des performances compétitives sur ImageNet2012, qui est le plus grand jeux de donnée d’images étiquetées accessibles aux chercheurs. Cela nécessite d’implémenter un algorithme efficace sur carte graphique. Dans un second temps, cette thèse s’intéresse aux propriétés des couches à différentes profondeurs. On montre qu’un phénomène de réduction de dimensionnalité progressif à lieu et on s’intéresse aux propriétés de classifications supervisées lorsqu’on varie des hyper paramètres de ces réseaux. Finalement, on introduit une nouvelle classe de réseaux convolutifs, dont les opérateurs sont structurés par des groupes de symétries du problème de classification.},
  keywords = {Deep learning ; Signal processing ; Machine learning ; Computer vision ; Apprentissage profond ; Traitement du signal ; Apprentissage statistique ; Vision par ordinateur, technologies},
  type = {Theses},
  pdf = {https://hal.archives-ouvertes.fr/tel-02353134/file/thesis.pdf},
  hal_id = {tel-02353134},
  hal_version = {v1}
}

@misc{dico_codicologie,
title = {Codicologia},
url = {http://codicologia.irht.cnrs.fr/},
author = {Institut de recherche et d'histoire des textes},
year = {2011}
}

@online{numerique_SHS,
url = {http://www.lespetitescases.net/repenser-la-place-du-numerique-dans-les-shs},
author = {POUPEAU, Gautier},
title = {Repenser la pace du numérique dans les SHS},
year = {2019},
urldate = {2020-03-22}
}

@online{Difference_deeplearning_machinelearning,
url = {https://www.ionos.fr/digitalguide/web-marketing/search-engine-marketing/deep-learning-vs-machine-learning/},
author = {Search Engine Marketing},
title = {Quelles sont les différences entre le Deep learning et le Machine learning ?},
year = {2020},
urldate = {2020-08-28}
}

@book{livres_enllumines,
author = {HERMAN, Nicholas},
title = {Le livre enluminé, entre représentation et illusion},
year = {2018},
address = {Paris},
publisher = {Bibliothèque nationale de France},
isbn = {978-2-7177-2811-8},
keywords = {MA, enluminures, manuscrits}
}

@article{oriflamms,
author = {STUTZMANN, Dominique},
title = {Ontologie des formes et encodage des textes manuscrits m{\'e}di{\'e}vaux. Le projet ORIFLAMMS},
url = {https://hal.archives-ouvertes.fr/hal-01854957},
journal = {Document Num{\'e}rique},
publisher = {Lavoisier},
volume = {16},
number = {3},
pages = {81--95},
year = {2013},
doi = {10.3166/DN.16.3.81-95},
pdf = {https://hal.archives-ouvertes.fr/hal-01854957/file/Stutzmann-2013-Document-Numerique-16-3_81-95_version_auteur_avant_revision%20%281%29.pdf},
abstract = {L’approche historique des écritures du Moyen Âge soulève des questions complexes, (1) pour rendre compte, décrire et représenter le substrat graphique par le « codage », (2) pour analyser les formes en tant que telles par Vision par ordinateur, (3) pour procéder à l’analyse des phénomènes graphiques par le « balisage » ou « encodage ». Les sept partenaires du projet ANR ORIFLAMMS (ANR-12-CORP-0010), proposent des solutions nouvelles, en particulier pour l’analyse et l’encodage des abréviations et pour l’alignement texte-image afin de constituer une ontologie des formes écrites du Moyen Âge.},
keywords ={MA, HTR}
}

@mastersthesis{memoire_Chloe,
    author = {FIZE, Chlo\"e},
    title = {Archives et numériques, un traitement
intelligent des données historiques : application à la recherche et au patrimoine privé},
    school = {{\'E}cole nationale des Chartes},
    year = {2020},
    keywords = {technologies,  ML, IA}
}